@Misc{smopyLib,
author =   {Cyrille Rossant},
title =    {SMOPY v0.0.6 Openstreetmap tiles library},
howpublished = {{https://github.com/rossant/smopy}},
year = {2014}
}

@article{iqbal2009experimental,
  title={Experimental results on an integrated GPS and multisensor system for land vehicle positioning},
  author={Iqbal, Umar and Karamat, Tashfeen B and Okou, Aime F and Noureldin, Aboelmagd},
  journal={International Journal of Navigation and Observation},
  volume={2009},
  year={2009},
  publisher={Hindawi}
}


@inproceedings{yabo2016vehicle,
  title={Vehicle classification and speed estimation using computer vision techniques},
  author={Yabo, Agust{\'\i}n and Arroyo, Sebasti{\'a}n I and Safar, F{\'e}lix G and Oliva, Dami{\'a}n},
  booktitle={XXV Congreso Argentino de Control Autom{\'a}tico (AADECA 2016)(Buenos Aires, 2016)},
  year={2016}
}


@inproceedings{arroyo2015georeferenced,
  title={Georeferenced feature tracking in wide field images},
  author={Arroyo, Sebasti{\'a}n I and Safar, F{\'e}lix and Oliva, Dami{\'a}n},
  booktitle={Information Processing and Control (RPIC), 2015 XVI Workshop on},
  pages={1--6},
  year={2015},
  organization={IEEE}
}


@inproceedings{marjovi2015high,
  title={High resolution air pollution maps in urban environments using mobile sensor networks},
  author={Marjovi, Ali and Arfire, Adrian and Martinoli, Alcherio},
  booktitle={Distributed Computing in Sensor Systems (DCOSS), 2015 International Conference on},
  pages={11--20},
  year={2015},
  organization={IEEE}
}

@article{okolloh2009ushahidi,
  title={Ushahidi, or 'testimony': Web 2.0 tools for crowdsourcing crisis information},
  author={Okolloh, Ory},
  journal={Participatory learning and action},
  volume={59},
  number={1},
  pages={65--70},
  year={2009},
  publisher={IIED-Participatory Learning and Action}
}

@article{hirata2015flooding,
  title={Flooding and inundation collaborative mapping--use of the Crowdmap/Ushahidi platform in the city of Sao Paulo, Brazil},
  author={Hirata, E. and Giannotti, M.A. and Larocca, A.P.C. and Quintanilha, J.A.},
  journal={Journal of Flood Risk Management},
  year={2015},
  publisher={Wiley Online Library}
}

@inproceedings{pordel2015cost,
  title={A cost-benefit analysis of an ad-hoc road asset data collection system using fleet-vehicles},
  author={Pordel, Dana and Petersson, Lars},
  booktitle={Proceedings of the 9th International Conference on Distributed Smart Cameras},
  pages={98--103},
  year={2015},
  organization={ACM}
}

@inproceedings{lim2016land,
  title={Land vehicle positioning in urban area by integrated GPS/BeiDou/OBD-II/MEMS IMU},
  author={Lim, JoonHoo and Choi, Kwang Ho and Kim, LaWoo and Lee, Hyung Keun},
  booktitle={Intelligent Transportation Engineering (ICITE), IEEE International Conference on},
  pages={176--180},
  year={2016},
  organization={IEEE}
}

@article{tzafestas2018mobile,
  title={Mobile Robot Control and Navigation: A Global Overview},
  author={Tzafestas, Spyros G.},
  journal={Journal of Intelligent \& Robotic Systems},
  pages={1--24},
  year={2018},
  publisher={Springer}
}

@inproceedings{sun2017confidence,
  title={Confidence Field-Based Temporal Alignment and Positioning for Vehicles Using Multiple Sensors},
  author={Sun, Jinlong and Wu, Zhilu and Yin, Zhendong},
  booktitle={Vehicular Technology Conference (VTC-Fall), 2017 IEEE 86th},
  pages={1--6},
  year={2017},
  organization={IEEE}
}

@inproceedings{aciti2017prototipo,
  title={Prototipo de sistema de captura y monitoreo de datos OBD-II de veh{\'\i}culos},
  author={Aciti, Claudio and Urraco, Mauricio and Todorovich, El{\'\i}as},
  booktitle={XXIII Congreso Argentino de Ciencias de la Computaci{\'o}n (La Plata, 2017).},
  year={2017}
}

@phdthesis{karamat2014improved,
  title={Improved land vehicle navigation and GPS integer ambiguity resolution using enhanced reduced-IMU/GPS integration},
  author={Karamat, Tashfeen},
  year={2014}
}

@phdthesis{zhao2015optimized,
  title={Optimized Filter Design for Non-Differential GPS/IMU Integrated Navigation},
  author={Zhao, Yingwei},
  year={2015},
  school={Technische Universit{\"a}t}
}



@book{oppenheim1998senales,
  title={Se{\~n}ales y sistemas},
  author={Oppenheim, Alan V and Willsky, Alan S. and Nawab, S. Hamid},
  year={1998},
  publisher={Pearson Educaci{\'o}n}
}

@Book{Franklin,
  author =	 {Gene F. Franklin, J.David Powel \and  Abbas Emami-Naeini},
  title = 	 {Control de Sistemas Dinámicos con Retroalimentación},
  publisher = 	 {Addison-Wesley Iberoamericana},
  year = 	{1991}
}

@Book{Matrix,
  author =	 {Gene H. Golub \and Charles F. Van Loan},
  title = 	 {Matrix Computations},
  publisher = 	 {Johns Hopkins},
  year = 	 {1996},
 }

@Book{Goodwin,
  author =	 {Graham C. Goodwin, Stefan F. Graebe  Mario E. Salgado},
  title = 	 {Control System Design},
  publisher = 	 {Valparíso},
  year = 	 {2000}
}


@Book{Ogata,
  author =	 {Katsiuko Ogata},
  title = 	 {Control Moderno},
  publisher = 	 {Pentice Hall},
  year = 	 {1998}
}


@book{khalil,
  title={Nonlinear systems},
  author={Khalil, Hassan K and Grizzle, JW},
  volume={3},
  year={1996},
  publisher={Prentice hall New Jersey}
}

@book{Slotine,
  title={Applied nonlinear control},
  author={Slotine, Jean-Jacques E and Li, Weiping and others},
  volume={60},
  year={1991},
  publisher={Prentice-Hall Englewood Cliffs, NJ}
}

@Book{Corke2011,
author = { Corke, P. },
title = {Robotics, vision and control: fundamental algorithms in MATLAB},
publisher = {Springer Science \& Business Media.},
year = {2011},
OPTvolume = {73},
}

@Book{Ljung,
author = {Lennart Ljung},
title = {System Identification. Theory for the User},
publisher = {Prentice Hall  PTR},
year = {1999},
}

@book{sira2004,
  title={Differentially flat systems},
  author={Sira-Ramirez, Hebertt and Agrawal, Sunil K},
  year={2004},
  publisher={CRC Press}
}

@book{brockett1983,
  title={Asymptotic stability and feedback stabilization},
  author={Brockett, Roger W and others},
  year={1983},
  publisher={Citeseer}
}

@article{Review,
  title={Wheeled mobile robots: a review},
  author={Ortigoza, Silva and Aranda, MM and Ortigoza, GS and Guzm{\'a}n, VMH and Vilchis, MAM and Gonz{\'a}lez, GS and Lozada, JCH and Carbajal, MO},
  journal={IEEE Latin America Transactions},
  volume={10},
  number={6},
  pages={2209--2217},
  year={2012},
  publisher={Institute of Electrical and Electronics Engineers, Inc., 3 Park Avenue, 17 th Fl New York NY 10016-5997 United States}
}
@article{getting1993,
  title={Perspective/navigation-the global positioning system},
  author={Getting, Ivan Alexander},
  journal={Spectrum, IEEE},
  volume={30},
  number={12},
  pages={36--38},
  year={1993},
  publisher={IEEE}
}

@article{misra1999,
  title={Special issue on global positioning system},
  author={Misra, P and Enge, P},
  journal={Proc IEEE},
  volume={87},
  number={1},
  pages={3--15},
  year={1999}
}


@InProceedings{wang1988,
  title={Location estimation and uncertainty analysis for mobile robots},
  author={Wang, C Ming},
  booktitle={Robotics and Automation, 1988. Proceedings., 1988 IEEE International Conference on},
  pages={1231--1235},
  year={1988},
  organization={IEEE}
}

@article{MD1,
  title={Sliding mode control for trajectory tracking of nonholonomic wheeled mobile robots},
  author={Yang, Jung-Min and Kim, Jong-Hwan},
  journal={Robotics and Automation, IEEE Transactions on},
  volume={15},
  number={3},
  pages={578--587},
  year={1999},
  publisher={IEEE}
}
@article{MD2,
  title={Sliding-mode tracking control of nonholonomic wheeled mobile robots in polar coordinates},
  author={Chwa, Dongkyoung},
  journal={Control Systems Technology, IEEE Transactions on},
  volume={12},
  number={4},
  pages={637--644},
  year={2004},
  publisher={IEEE}
}

@inproceedings{fierro,
  title={Control of a nonholonomic mobile robot: backstepping kinematics into dynamics},
  author={Fierro, Rafael and Lewis, Frank L},
  booktitle={Decision and Control, 1995., Proceedings of the 34th IEEE Conference on},
  volume={4},
  pages={3805--3810},
  year={1995},
  organization={IEEE}
}

@article{jimenez,
  title={Estimaci{\'o}n de la posici{\'o}n de un Robot M{\'o}vil},
  author={Jim{\'e}nez, Javier Gonz{\'a}lez and Baturone, Anibal Ollero},
  journal={Autom{\'a}tica},
  number={29},
  pages={3--18},
  year={1996}
}

@inproceedings{kanayama1990stable,
  title={A stable tracking control method for an autonomous mobile robot},
  author={Kanayama, Yutaka and Kimura, Yoshihiko and Miyazaki, Fumio and Noguchi, Tetsuo},
  booktitle={Robotics and Automation, 1990. Proceedings., 1990 IEEE International Conference on},
  pages={384--389},
  year={1990},
  organization={IEEE}
}

@inproceedings{scaglia,
  title={Seguimiento de Trayectorias de Robots M{\'o}viles Usando el m{\'e}todo de Integraci{\'o}n Trapezoidal},
  author={Scaglia, Gustavo and Mut, V and Quintero, O and Di Sciascio, Fernando},
  booktitle={XX Congreso Argentino de Control Autom{\'a}tico AADECA},
  year={2006}
}

@online{marvelmind,
  author = {MarvelMind},
  title = {Indoor GPS},
  year = 2016,
  url = http://www.marvelmind.com/},
  urldate = {2016-01-30}
}


@online{tella2016,
  title = {Densificar la regi\'on metropolitana de Buenos Aires: Estrategias y acciones para una ciudad m\'as compacta y eficiente.},
  author = {Tella, G. and Mu{\~{n}}oz, M.},
  year = {2016},
  url = {http://www.revistaobra.com.ar/wp-content/32/files/assets/downloads/page0010.pdf},
  urldate = {2016-01-05}
}

@book{katevas2001mobile,
  title={Mobile robotics in healthcare},
  author={Katevas, Nikos},
  volume={7},
  year={2001},
  publisher={IOS Press}
}

@article{foglia2006agricultural,
  title={Agricultural robot for radicchio harvesting},
  author={Foglia, Mario M and Reina, Giulio},
  journal={Journal of Field Robotics},
  volume={23},
  number={6-7},
  pages={363--377},
  year={2006},
  publisher={Wiley Online Library}
}

@inproceedings{hougen2000miniature,
  title={A miniature robotic system for reconnaissance and surveillance},
  author={Hougen, Dean F and Benjaafar, Saifallah and Bonney, Jordan C and Budenske, John R and Dvorak, Mark and Gini, Maria and French, Howard and Krantz, Donald G and Li, Perry Y and Malver, Fred and others},
  booktitle={Robotics and Automation, 2000. Proceedings. ICRA'00. IEEE International Conference on},
  volume={1},
  pages={501--507},
  year={2000},
  organization={IEEE}
}

@article{thrun2002probabilistic,
  title={Probabilistic robotics},
  author={Thrun, Sebastian},
  journal={Communications of the ACM},
  volume={45},
  number={3},
  pages={52--57},
  year={2002},
  publisher={ACM}
}